<record><leader>00000cas a22000007a 4500</leader><controlfield tag="001">15372735</controlfield><controlfield tag="008">870326d19051922iludn ne      0    0eng d</controlfield><datafield ind1=" " ind2=" " tag="010"><subfield code="a">sn 87082402 </subfield></datafield><datafield ind1=" " ind2=" " tag="040"><subfield code="a">NPV</subfield><subfield code="b">eng</subfield><subfield code="c">NPV</subfield><subfield code="d">OCLCQ</subfield></datafield><datafield ind1=" " ind2=" " tag="042"><subfield code="a">msc</subfield></datafield><datafield ind1="0" ind2="4" tag="245"><subfield code="a">The Superior telegram.</subfield></datafield><datafield ind1="1" ind2="3" tag="246"><subfield code="a">Evening telegram</subfield></datafield><datafield ind1="3" ind2="0" tag="246"><subfield code="a">Wisconsin telegram</subfield></datafield><datafield ind1=" " ind2=" " tag="260"><subfield code="a">Superior, Wis. :</subfield><subfield code="b">Evening Telegram Co.,</subfield><subfield code="c">1905-1922.</subfield></datafield><datafield ind1=" " ind2=" " tag="300"><subfield code="a">v.</subfield></datafield><datafield ind1=" " ind2=" " tag="310"><subfield code="a">Daily (except Sunday)</subfield></datafield><datafield ind1="0" ind2=" " tag="362"><subfield code="a">Vol. 15, no. 229 (Jan. 30, 1905)-v. 37, 183 (Nov. 20, 1922).</subfield></datafield><datafield ind1=" " ind2=" " tag="500"><subfield code="a">Added masthead: Wisconsin telegram.</subfield></datafield><datafield ind1=" " ind2=" " tag="515"><subfield code="a">Numbering is irregular.</subfield></datafield><datafield ind1=" " ind2=" " tag="752"><subfield code="a">United States</subfield><subfield code="b">Wisconsin</subfield><subfield code="c">Douglas</subfield><subfield code="d">Superior.</subfield></datafield><datafield ind1="0" ind2="0" tag="780"><subfield code="t">Evening telegram (Superior, Wis.)</subfield><subfield code="w">(DLC)sn 87082401</subfield></datafield><datafield ind1="0" ind2="0" tag="785"><subfield code="t">Evening telegram (Superior, Wis.)</subfield><subfield code="w">(DLC)sn 86072139</subfield></datafield></record>